%YAML 1.1
%TAG !u! tag:unity3d.com,2011:
--- !u!1001 &100100000
Prefab:
  m_ObjectHideFlags: 1
  serializedVersion: 2
  m_Modification:
    m_TransformParent: {fileID: 0}
    m_Modifications: []
    m_RemovedComponents: []
  m_ParentPrefab: {fileID: 0}
  m_RootGameObject: {fileID: 1583358745800604}
  m_IsPrefabParent: 1
--- !u!1 &1583358745800604
GameObject:
  m_ObjectHideFlags: 0
  m_PrefabParentObject: {fileID: 0}
  m_PrefabInternal: {fileID: 100100000}
  serializedVersion: 5
  m_Component:
  - component: {fileID: 4801648702219906}
  - component: {fileID: 61056079868227762}
  - component: {fileID: 114801924927969980}
  - component: {fileID: 114733370400753086}
  - component: {fileID: 114836882746188422}
  - component: {fileID: 114802872358626818}
  - component: {fileID: 114853345370389812}
  - component: {fileID: 114155545099982236}
  - component: {fileID: 114860053102614030}
  - component: {fileID: 114139058180425980}
  m_Layer: 0
  m_Name: SpecialAbilitiesManager
  m_TagString: Untagged
  m_Icon: {fileID: 0}
  m_NavMeshLayer: 0
  m_StaticEditorFlags: 0
  m_IsActive: 1
--- !u!4 &4801648702219906
Transform:
  m_ObjectHideFlags: 1
  m_PrefabParentObject: {fileID: 0}
  m_PrefabInternal: {fileID: 100100000}
  m_GameObject: {fileID: 1583358745800604}
  m_LocalRotation: {x: -0, y: -0, z: -0, w: 1}
  m_LocalPosition: {x: -0.76920164, y: -0.03357339, z: -5.375}
  m_LocalScale: {x: 1, y: 1, z: 1}
  m_Children: []
  m_Father: {fileID: 0}
  m_RootOrder: 0
  m_LocalEulerAnglesHint: {x: 0, y: 0, z: 0}
--- !u!61 &61056079868227762
BoxCollider2D:
  m_ObjectHideFlags: 1
  m_PrefabParentObject: {fileID: 0}
  m_PrefabInternal: {fileID: 100100000}
  m_GameObject: {fileID: 1583358745800604}
  m_Enabled: 0
  m_Density: 1
  m_Material: {fileID: 0}
  m_IsTrigger: 0
  m_UsedByEffector: 0
  m_UsedByComposite: 0
  m_Offset: {x: 1.1834106, y: -0.5227661}
  m_SpriteTilingProperty:
    border: {x: 0, y: 0, z: 0, w: 0}
    pivot: {x: 0, y: 0}
    oldSize: {x: 0, y: 0}
    newSize: {x: 0, y: 0}
    adaptiveTilingThreshold: 0
    drawMode: 0
    adaptiveTiling: 0
  m_AutoTiling: 0
  serializedVersion: 2
  m_Size: {x: 523.51746, y: 522.8926}
  m_EdgeRadius: 0
--- !u!114 &114139058180425980
MonoBehaviour:
  m_ObjectHideFlags: 1
  m_PrefabParentObject: {fileID: 0}
  m_PrefabInternal: {fileID: 100100000}
  m_GameObject: {fileID: 1583358745800604}
  m_Enabled: 1
  m_EditorHideFlags: 0
  m_Script: {fileID: 11500000, guid: aa584fbee541324448dd18d8409c7a41, type: 3}
  m_Name: 
  m_EditorClassIdentifier: 
  ownerId: 0
  group: 0
  OwnerShipWasTransfered: 0
  prefixBackup: -1
  synchronization: 0
  onSerializeTransformOption: 3
  onSerializeRigidBodyOption: 2
  ownershipTransfer: 0
  ObservedComponents:
  - {fileID: 0}
  ObservedComponentsFoldoutOpen: 1
  viewIdField: 0
  instantiationId: -1
  currentMasterID: -1
  isRuntimeInstantiated: 0
--- !u!114 &114155545099982236
MonoBehaviour:
  m_ObjectHideFlags: 1
  m_PrefabParentObject: {fileID: 0}
  m_PrefabInternal: {fileID: 100100000}
  m_GameObject: {fileID: 1583358745800604}
  m_Enabled: 1
  m_EditorHideFlags: 0
  m_Script: {fileID: 11500000, guid: b66733c4a0e53a14e8d74f2ad9d82c05, type: 3}
  m_Name: 
  m_EditorClassIdentifier: 
  board: {fileID: 0}
  currentTeam: 0
  isPicked: 1
  turnManager: {fileID: 0}
  tracker: {fileID: 0}
  thisAbilityType: 4
  boardHighlighter: {fileID: 0}
  b_queen: {fileID: 1278972737412044, guid: 89ec2ce59d94c76478546bf38300f5de, type: 2}
  b_rook: {fileID: 1017079671985876, guid: afea37e7cfec8384e85682a4f688ad00, type: 2}
  b_bishop: {fileID: 1234432313791720, guid: c68606fff75fe9946ad7d9d022dc341d, type: 2}
  b_superpawn: {fileID: 1443138713202332, guid: 545fd61c82d8af943ac34928823ede76,
    type: 2}
  r_queen: {fileID: 1474777293166320, guid: 3639ef7ccc54bee4c8f47dc0aad83a99, type: 2}
  r_rook: {fileID: 1799323855463566, guid: 91b11cc7f886dcb4ba0f4242eedcefb9, type: 2}
  r_bishop: {fileID: 1949675550615196, guid: 0b6333da6f77ac7488cad108a3be71ff, type: 2}
  r_superpawn: {fileID: 1117490336659590, guid: ab05f652d56c45848b0ec93e2747d224,
    type: 2}
  parentSacrificeUI: {fileID: 0}
  upgradeFrom: {fileID: 0}
--- !u!114 &114733370400753086
MonoBehaviour:
  m_ObjectHideFlags: 1
  m_PrefabParentObject: {fileID: 0}
  m_PrefabInternal: {fileID: 100100000}
  m_GameObject: {fileID: 1583358745800604}
  m_Enabled: 1
  m_EditorHideFlags: 0
  m_Script: {fileID: 11500000, guid: 883b57dad8925ae46bda1d3292bcd46f, type: 3}
  m_Name: 
  m_EditorClassIdentifier: 
  board: {fileID: 0}
  currentTeam: 0
  isPicked: 1
  turnManager: {fileID: 0}
  tracker: {fileID: 0}
  thisAbilityType: 1
--- !u!114 &114801924927969980
MonoBehaviour:
  m_ObjectHideFlags: 1
  m_PrefabParentObject: {fileID: 0}
  m_PrefabInternal: {fileID: 100100000}
  m_GameObject: {fileID: 1583358745800604}
  m_Enabled: 1
  m_EditorHideFlags: 0
  m_Script: {fileID: 11500000, guid: b1d671b7f642fc64590a4eea06c4e91e, type: 3}
  m_Name: 
  m_EditorClassIdentifier: 
  board: {fileID: 0}
  currentTeam: 0
  isPicked: 1
  turnManager: {fileID: 0}
  tracker: {fileID: 0}
  thisAbilityType: 0
  rook: {fileID: 0}
  bishop: {fileID: 0}
--- !u!114 &114802872358626818
MonoBehaviour:
  m_ObjectHideFlags: 1
  m_PrefabParentObject: {fileID: 0}
  m_PrefabInternal: {fileID: 100100000}
  m_GameObject: {fileID: 1583358745800604}
  m_Enabled: 1
  m_EditorHideFlags: 0
  m_Script: {fileID: 11500000, guid: 9842516933b54d240a797de43c2daa08, type: 3}
  m_Name: 
  m_EditorClassIdentifier: 
  board: {fileID: 0}
  currentTeam: 0
  isPicked: 1
  turnManager: {fileID: 0}
  tracker: {fileID: 0}
  thisAbilityType: 3
  indicatorSpriteGrey: {fileID: 21300000, guid: e3deff3b1fd17ac4ca4b9a20bfbe9420,
    type: 3}
  indicatorSpriteGreen: {fileID: 21300000, guid: c3ae68d0924a4ac4088fbd18570a407c,
    type: 3}
--- !u!114 &114836882746188422
MonoBehaviour:
  m_ObjectHideFlags: 1
  m_PrefabParentObject: {fileID: 0}
  m_PrefabInternal: {fileID: 100100000}
  m_GameObject: {fileID: 1583358745800604}
  m_Enabled: 1
  m_EditorHideFlags: 0
  m_Script: {fileID: 11500000, guid: c2839f6c6657ccd498caeb2f0f70657b, type: 3}
  m_Name: 
  m_EditorClassIdentifier: 
  board: {fileID: 0}
  currentTeam: 0
  isPicked: 1
  turnManager: {fileID: 0}
  tracker: {fileID: 0}
  thisAbilityType: 2
  boardHighlighter: {fileID: 0}
  fortifyRotatingShield: {fileID: 1838001351628096, guid: f7d35695585821a4db541470db3f626c,
    type: 2}
  thisPlayerController: {fileID: 0}
--- !u!114 &114853345370389812
MonoBehaviour:
  m_ObjectHideFlags: 1
  m_PrefabParentObject: {fileID: 0}
  m_PrefabInternal: {fileID: 100100000}
  m_GameObject: {fileID: 1583358745800604}
  m_Enabled: 1
  m_EditorHideFlags: 0
  m_Script: {fileID: 11500000, guid: d047c2da9b3d33a4d8f1f06927b6d0b1, type: 3}
  m_Name: 
  m_EditorClassIdentifier: 
  board: {fileID: 0}
  currentTeam: 0
  isPicked: 1
  turnManager: {fileID: 0}
  tracker: {fileID: 0}
  thisAbilityType: 5
  backToNormalAtTurn: -1
--- !u!114 &114860053102614030
MonoBehaviour:
  m_ObjectHideFlags: 1
  m_PrefabParentObject: {fileID: 0}
  m_PrefabInternal: {fileID: 100100000}
  m_GameObject: {fileID: 1583358745800604}
  m_Enabled: 1
  m_EditorHideFlags: 0
  m_Script: {fileID: 11500000, guid: 65ee708c3ab378148933de182747e5e3, type: 3}
  m_Name: 
  m_EditorClassIdentifier: 
  blueBackToNormal_SP: 0
  redBackToNormal_SP: 0
  blueAbilitiesCooldown: 
  redAbilitiesCooldown: 
